% This file was created with JabRef 2.6.
% Encoding: Cp1252

@BOOK{Higham1998,
  title = {Handbook of Writing for the Mathematical Sciences},
  publisher = {SIAM},
  year = {1998},
  author = {N. J. Higham},
  edition = {2nd}
}

@BOOK{Knuth1989,
  title = {Mathematical Writing},
  publisher = {The Mathematical Association of America},
  year = {1989},
  author = {D. E. Knuth and T. Larrabee and P. M. Roberts},
  number = {14},
  series = {MAA Notes}
}

@UNPUBLISHED{Lee,
  author = {K. P. Lee},
  title = {A Guide to Writing Mathematics},
  note = {Im Web verfügbar: http://ems.calumet.purdue.edu/mcss/kevinlee/mathwriting/writingman.pdf}
}

@comment{jabref-meta: selector_publisher:}

@comment{jabref-meta: selector_author:}

@comment{jabref-meta: selector_journal:}

@comment{jabref-meta: selector_keywords:}

